@unpublished{bazon16,
  author = "Mihai Bazon",
  title	 = "How to implement a programming language in JavaScript",
  year	 = "2012",
  month = "June",
  note   = "Mihai Bazon is also the author of Uglify. UglifyJS is a JavaScript compressor/minifier written in JavaScript.",
}
@unpublished{crockford2007,
  author = "Douglas Crockford",
  title	 = "Top Down Operator Precedence",
  year	 = "2007",
  month = "June",
  note   = "",
}